<record><leader>00000cas a22000007a 4500</leader><controlfield tag="001">17925688</controlfield><controlfield tag="008">880509d195019uupauer ne      0    0eng d</controlfield><datafield ind1=" " ind2=" " tag="010"><subfield code="a">sn 88080731 </subfield></datafield><datafield ind1=" " ind2=" " tag="040"><subfield code="a">NPH</subfield><subfield code="b">eng</subfield><subfield code="c">NPH</subfield><subfield code="d">OCLCQ</subfield><subfield code="d">CRL</subfield></datafield><datafield ind1=" " ind2=" " tag="042"><subfield code="a">msc</subfield></datafield><datafield ind1="0" ind2=" " tag="130"><subfield code="a">South Side press (Bridgeport, Pa.)</subfield></datafield><datafield ind1="1" ind2="0" tag="245"><subfield code="a">South Side press.</subfield></datafield><datafield ind1=" " ind2=" " tag="260"><subfield code="a">Bridgeport, Pa. :</subfield><subfield code="b">Edward Pinkowski,</subfield><subfield code="c">1950-</subfield></datafield><datafield ind1=" " ind2=" " tag="300"><subfield code="a">v.</subfield></datafield><datafield ind1=" " ind2=" " tag="310"><subfield code="a">Biweekly,</subfield><subfield code="b">June 29, 1951-&lt;Apr. 16, 1952&gt;</subfield></datafield><datafield ind1=" " ind2=" " tag="321"><subfield code="a">Weekly,</subfield><subfield code="b">Sept. 8, 1950-June 15, 1951</subfield></datafield><datafield ind1="0" ind2=" " tag="362"><subfield code="a">Vol. 1, no. 1 (Sept. 8, 1950)-</subfield></datafield><datafield ind1=" " ind2=" " tag="500"><subfield code="a">"Serving Bridgeport and Upper Merion Township."</subfield></datafield><datafield ind1=" " ind2=" " tag="752"><subfield code="a">United States</subfield><subfield code="b">Pennsylvania</subfield><subfield code="c">Montgomery</subfield><subfield code="d">Bridgeport.</subfield></datafield></record>